@book{lynch1996distributed,
  title={Distributed algorithms},
  author={Lynch, Nancy A},
  year={1996},
  publisher={Morgan Kaufman Publishers Inc.}
}

@article{linial1992locality,
  author = {Linial, Nathan},
  title = {Locality in distributed graph algorithms},
  year = {1992},
  pages = {193--201},
  journal = {SIAM Journal on Computing},
  number = {1},
  volume = {21},
  doi = {10.1137/0221015},
}

@inproceedings{berman1989consensus,
  author = {Berman, Piotr and Garay, Juan A. and Perry, Kenneth J.},
  title = {Towards optimal distributed consensus},
  year = {1989},
  pages = {410--415},
  doi = {10.1109/SFCS.1989.63511},
  publisher = {IEEE},
  booktitle = {Proc.\ 30th Annual Symposium on Foundations of Computer Science (FOCS 1989)}
}

@inproceedings{Filtering2011,
  title     = {Filtering: a method for solving graph problems in MapReduce.},
  author    = {Silvio Lattanzi and Benjamin Moseley and Siddharth Suri and Sergei Vassilvitskii},
  year      = {2011},
  booktitle = {SPAA 2011: Proceedings of the 23rd Annual ACM Symposium on Parallelism in Algorithms and Architectures},
  pages     = {85-94}
}